<?xml version="1.0" encoding="UTF-8"?><collection xmlns="http://www.loc.gov/MARC21/slim"><record><leader>00352nam--2200133-i-4500</leader><controlfield tag="001">000026921</controlfield><controlfield tag="002">20161230</controlfield><controlfield tag="005">20161230201036</controlfield><controlfield tag="008">060222s1000------------r-----000-0-eng-d</controlfield><datafield ind1=" " ind2=" " tag="080"><subfield code="a">53(07)</subfield></datafield><datafield ind1=" " ind2=" " tag="100"><subfield code="a">Kohlrausch, K.W.Fritz</subfield></datafield><datafield ind1=" " ind2=" " tag="245"><subfield code="a">Ausgewahlte kapitel aus der physik. nach vorlesungen. 2.optik</subfield></datafield><datafield ind1=" " ind2=" " tag="260"><subfield code="a">Wien, Springer Verlag, 1949</subfield></datafield><datafield ind1=" " ind2=" " tag="852"><subfield code="a">786</subfield></datafield></record></collection>